@inproceedings{Dallmeier2006,
    author = {Dallmeier, Valentin and Lindig, Christian and Wasylkowski, Andrzej and Zeller, Andreas},
    title = {Mining Object Behavior with ADABU},
    booktitle = {Proceedings of the 2006 International Workshop on Dynamic Systems Analysis},
    series = {WODA '06},
    year = {2006},
    isbn = {1-59593-400-6},
    location = {Shanghai, China},
    pages = {17--24},
    numpages = {8},
    url = {http://doi.acm.org/10.1145/1138912.1138918},
    doi = {10.1145/1138912.1138918},
    acmid = {1138918},
    publisher = {ACM},
    address = {New York, NY, USA},
    keywords = {automata, inspector method, java, mining, object behavior model, object state, observer method, program analysis, program instrumentation, purity analysis},
}

@inproceedings{Lorenzoli2008,
    author = {Lorenzoli, Davide and Mariani, Leonardo and Pezz\`{e}, Mauro},
    title = {Automatic Generation of Software Behavioral Models},
    booktitle = {Proceedings of the 30th International Conference on Software Engineering},
    series = {ICSE '08},
    year = {2008},
    isbn = {978-1-60558-079-1},
    location = {Leipzig, Germany},
    pages = {501--510},
    numpages = {10},
    url = {http://doi.acm.org/10.1145/1368088.1368157},
    doi = {10.1145/1368088.1368157},
    acmid = {1368157},
    publisher = {ACM},
    address = {New York, NY, USA},
    keywords = {dynamic analysis, gk-tail, model synthesis},
}

@article{DNH84,
    title   = "Testing equivalences for processes",
    journal = "Theoretical Computer Science",
    volume  = "34",
    pages   = "83 - 133",
    year    = "1984",
    author = "R. De Nicola and M.C.B. Hennessy"
}

@article{Angluin198787,
    title   = "Learning regular sets from queries and counterexamples",
    journal = "Information and Computation ",
    volume  = "75",
    number  = "2",
    pages   = "87 - 106",
    year    = "1987",
    note    = "",
    issn    = "0890-5401",
    doi     = "http://dx.doi.org/10.1016/0890-5401(87)90052-6",
    url     = "http://www.sciencedirect.com/science/article/pii/0890540187900526",
    author  = "Dana Angluin"
}

@incollection{lambeau08,
    year      = {2008},
    isbn      = {978-3-540-88008-0},
    booktitle = {Grammatical Inference: Algorithms and Applications},
    volume    = {5278},
    series    = {Lecture Notes in Computer Science},
    editor    = {Clark, Alexander and Coste, Fran√ßois and Miclet, Laurent},
    doi       = {10.1007/978-3-540-88009-7_11},
    title     = {State-Merging DFA Induction Algorithms with Mandatory Merge Constraints},
    url       = {http://dx.doi.org/10.1007/978-3-540-88009-7_11},
    publisher = {Springer Berlin Heidelberg},
    author    = {Lambeau, Bernard and Damas, Christophe and Dupont, Pierre},
    pages     = {139-153},
    language  = {English}
}

@inproceedings{Choi2013,
    author    = {Choi, Wontae and Necula, George and Sen, Koushik},
    title     = {Guided GUI Testing of Android Apps with Minimal Restart and Approximate Learning},
    booktitle = {Proceedings of the 2013 ACM SIGPLAN International Conference on Object Oriented Programming Systems Languages and Applications},
    series    = {OOPSLA '13},
    year      = {2013},
    isbn      = {978-1-4503-2374-1},
    location  = {Indianapolis, Indiana, USA},
    pages     = {623--640},
    numpages  = {18},
    url       = {http://doi.acm.org/10.1145/2509136.2509552},
    doi       = {10.1145/2509136.2509552},
    acmid     = {2509552},
    publisher = {ACM},
    address   = {New York, NY, USA},
    keywords  = {android, automata, gui testing, learning}
}

@article{ZhongZXM11,
    author    = {Hao Zhong and
        Lu Zhang and
            Tao Xie and
            Hong Mei},
    title     = {Inferring specifications for resources from natural language
        API documentation},
    journal   = {Autom. Softw. Eng.},
    volume    = {18},
    number    = {3-4},
    year      = {2011},
    pages     = {227-261},
    bibsource = {DBLP, http://dblp.uni-trier.de}
}

@inproceedings{Pradel:2009,
    author = {Pradel, Michael and Gross, Thomas R.},
    title = {Automatic Generation of Object Usage Specifications from Large Method Traces},
    booktitle = {Proceedings of the 2009 IEEE/ACM International Conference on Automated Software Engineering},
    series = {ASE '09},
    year = {2009},
    isbn = {978-0-7695-3891-4},
    pages = {371--382},
    numpages = {12},
    publisher = {IEEE Computer Society},
    address = {Washington, DC, USA},
    keywords = {Specification inference, dynamic analysis, formal specifications, temporal properties},
}

@inproceedings{concolicandroid12,
    author = {Anand, Saswat and Naik, Mayur and Harrold, Mary Jean and Yang, Hongseok},
    title = {Automated concolic testing of smartphone apps},
    booktitle = {Proceedings of the ACM SIGSOFT 20th International Symposium on the Foundations of Software Engineering},
    series = {FSE '12},
    year = {2012},
    isbn = {978-1-4503-1614-9},
    location = {Cary, North Carolina},
    pages = {59:1--59:11},
    articleno = {59},
    numpages = {11},
    url = {http://doi.acm.org/10.1145/2393596.2393666},
    doi = {10.1145/2393596.2393666},
    acmid = {2393666},
    publisher = {ACM},
    address = {New York, NY, USA},
    keywords = {Android, GUI testing, testing event-driven programs},
}

@inproceedings{Joorabchi:2012:REI:2420240.2420457,
    author = {Joorabchi, Mona Erfani and Mesbah, Ali},
    title = {Reverse Engineering iOS Mobile Applications},
    booktitle = {Proceedings of the 2012 19th Working Conference on Reverse Engineering},
    series = {WCRE '12},
    year = {2012},
    isbn = {978-0-7695-4891-3},
    pages = {177--186},
    numpages = {10},
    url = {http://dx.doi.org/10.1109/WCRE.2012.27},
    doi = {10.1109/WCRE.2012.27},
    acmid = {2420457},
    publisher = {IEEE Computer Society},
    address = {Washington, DC, USA},
    keywords = {reverse engineering, mobile applications, iOS, model generation},
}

@inproceedings{webmate12,
    author = {Dallmeier, Valentin and Burger, Martin and Orth, Tobias and Zeller, Andreas},
    title = {WebMate: a tool for testing web 2.0 applications},
    booktitle = {Proceedings of the Workshop on JavaScript Tools},
    series = {JSTools '12},
    year = {2012},
    isbn = {978-1-4503-1274-5},
    location = {Beijing, China},
    pages = {11--15},
    numpages = {5},
    url = {http://doi.acm.org/10.1145/2307720.2307722},
    doi = {10.1145/2307720.2307722},
    acmid = {2307722},
    publisher = {ACM},
    address = {New York, NY, USA},
    keywords = {JavaScript, test generation, web applications},
}

@inproceedings{Amalfitano:2012:UGR:2351676.2351717,
    author = {Amalfitano, Domenico and Fasolino, Anna Rita and Tramontana, Porfirio and De Carmine, Salvatore and Memon, Atif M.},
    title = {Using GUI ripping for automated testing of Android applications},
    booktitle = {Proceedings of the 27th IEEE/ACM International Conference on Automated Software Engineering},
    series = {ASE 2012},
    year = {2012},
    isbn = {978-1-4503-1204-2},
    location = {Essen, Germany},
    pages = {258--261},
    numpages = {4},
    url = {http://doi.acm.org/10.1145/2351676.2351717},
    doi = {10.1145/2351676.2351717},
    acmid = {2351717},
    publisher = {ACM},
    address = {New York, NY, USA},
    keywords = {Android, Testing Automation, Testing Tools},
}



@article{crawljax:tweb12,
    author = {Mesbah, Ali and van Deursen, Arie and Lenselink, Stefan},
    title = {Crawling {Ajax}-based Web Applications through Dynamic Analysis of User Interface State Changes},
    journal = {ACM Transactions on the Web (TWEB)},
    year = {2012},
    volume = {6},
    number = {1},
    pages = {3:1--3:30}
}


@INPROCEEDINGS{5954416,
    author={Amalfitano, D. and Fasolino, A.R. and Tramontana, P.},
    booktitle={Software Testing, Verification and Validation Workshops (ICSTW), 2011 IEEE Fourth International Conference on},
    title={A GUI Crawling-Based Technique for Android Mobile Application Testing},
    year={2011},
    pages={252-261},
    keywords={graphical user interfaces;mobile computing;program testing;Android mobile application testing;GUI crawling-based technique;Google Android platform;automatic testing;cost effective testing techniques;development tools;rapid crash testing;regression testing;Androids;Crawlers;Graphical user interfaces;Humanoid robots;Mobile communication;Smart phones;Testing;Android Testing Automation;Crash Testing;GUI Crawling;Regression Testing},
    doi={10.1109/ICSTW.2011.77},
}

@inproceedings{WPX13,
    author = {Yang, Wei and Prasad, Mukul R. and Xie, Tao},
    title = {A grey-box approach for automated GUI-model generation of mobile applications},
    booktitle = {Proceedings of the 16th international conference on Fundamental Approaches to Software Engineering},
    series = {FASE'13},
    year = {2013},
    isbn = {978-3-642-37056-4},
    location = {Rome, Italy},
    pages = {250--265},
    numpages = {16},
    url = {http://dx.doi.org/10.1007/978-3-642-37057-1_19},
    doi = {10.1007/978-3-642-37057-1_19},
    acmid = {2450338},
    publisher = {Springer-Verlag},
    address = {Berlin, Heidelberg},
}

@inproceedings{Kervinen06model-basedtesting,
    author = {Kervinen, Antti and Maunumaa, Mika and P\"{a}\"{a}kk\"{o}nen, Tuula and Katara, Mika},
    title = {Model-Based testing through a GUI},
    booktitle = {Proceedings of the 5th international conference on Formal Approaches to Software Testing},
    series = {FATES'05},
    year = {2006},
    isbn = {3-540-34454-3, 978-3-540-34454-4},
    location = {Edinburgh, UK},
    pages = {16--31},
    numpages = {16},
    url = {http://dx.doi.org/10.1007/11759744_2},
    doi = {10.1007/11759744_2},
    acmid = {2171048},
    publisher = {Springer-Verlag},
    address = {Berlin, Heidelberg},
}



@inproceedings{Memon:2003,
    author = {Memon, Atif and Banerjee, Ishan and Nagarajan, Adithya},
    title = {GUI Ripping: Reverse Engineering of Graphical User Interfaces for Testing},
    booktitle = {Proceedings of the 10th Working Conference on Reverse Engineering},
    series = {WCRE '03},
    year = {2003},
    isbn = {0-7695-2027-8},
    pages = {260--},
    url = {http://dl.acm.org/citation.cfm?id=950792.951350},
    acmid = {951350},
    publisher = {IEEE Computer Society},
    address = {Washington, DC, USA},
}



@article{5416728,
    author={Artzi, S. and Kiezun, A. and Dolby, J. and Tip, F. and Dig, D. and Paradkar, A. and Ernst, M.D.},
    journal={Software Engineering, IEEE Transactions on},
    title={Finding Bugs in Web Applications Using Dynamic Test Generation and Explicit-State Model Checking},
    year={2010},
    volume={36},
    number={4},
    pages={474-494},
    keywords={program debugging;program testing;program verification;software tools;Apollo tool;HTML specification;Internet;PHP Web applications;PHP programming language;Web pages;Web script;bugs;dynamic test generation;explicit state model checking;PHP;Software testing;Web applications;dynamic analysis;reliability;verification.},
    doi={10.1109/TSE.2010.31},
    ISSN={0098-5589},}

@article{Fernandez89animplementation,
    author = {Jean-Claude Fernandez},
    title = {An Implementation of an Efficient Algorithm for Bisimulation Equivalence},
    journal = {Science of Computer Programming},
    year = {1989},
    volume = {13},
    pages = {13--219}
}

@inproceedings{chaudhuri-plas09,
    address = {New York, NY, USA},
    author = {Chaudhuri, Avik},
    booktitle = {PLAS '09: Proceedings of the ACM SIGPLAN Fourth Workshop on Programming Languages and Analysis for Security},
    citeulike-article-id = {7615801},
    citeulike-linkout-0 = {http://portal.acm.org/citation.cfm?id=1554339.1554341},
    citeulike-linkout-1 = {http://dx.doi.org/10.1145/1554339.1554341},
    doi = {10.1145/1554339.1554341},
    isbn = {978-1-60558-645-8},
    keywords = {android, mobile\_devices, security},
    location = {Dublin, Ireland},
    pages = {1--7},
    posted-at = {2010-08-11 15:00:49},
    priority = {2},
    publisher = {ACM},
    title = {{Language-based security on Android}},
    url = {http://dx.doi.org/10.1145/1554339.1554341},
    year = {2009}
}

@InProceedings{felt2011,
    title         = {{Android permissions demystified}},
    author        = {Adrienne P. Felt and Erika Chin and Steve Hanna and Dawn Song and David Wagner},
    year          = {2011},
    month         = oct,
    booktitle     = {In Proceedings of the 18th ACM conference on Computer and communications security},
    pages = {627--638}
}

@InProceedings{Liris-4207,
    title         = {{A Passive Testing Approach for Security Checking and its
        Practical Usage for Web Services Monitoring}},
    author        = {Ana {Cavalli} and Azzedine {Benameur} and Wissam
        {Mallouli} and Keqin {Li}},
    year          = {2009},
    month         = jun,
    booktitle     = {NOTERE 2009},
    language      = {en}
}

@inproceedings{minisat,
    author =       {Niklas Een and Niklas SÔøΩrensson},
    title =        {Minisat},
    note =     {http://minisat.se},
    year =         2003
}

@inproceedings{hampi,
    author = {Kiezun, Adam and Ganesh, Vijay and Guo, Philip J. and Hooimeijer, Pieter and Ernst, Michael D.},
    title = {HAMPI: a solver for string constraints},
    booktitle = {ISSTA '09: Proceedings of the eighteenth international symposium on Software testing and analysis},
    year = {2009},
    isbn = {978-1-60558-338-9},
    pages = {105--116},
    location = {Chicago, IL, USA},
    publisher = {ACM},
    address = {New York, NY, USA}
}

@inproceedings{FTW05,
    author = {L. Frantzen and J. Tretmans and T.A.C. Willemse},
    title = {{Test Generation Based on Symbolic Specifications}},
    booktitle = {FATES 2004},
    pages = {1-15},
    year = {2005},
    editor = {J. Grabowski and B. Nielsen},
    number = {3395},
    series = {Lecture Notes in Computer Science},
    publisher = {Springer},
}

@inproceedings{UML,
    author =       {},
    title =        {The Object Management Group (OMG),OMG Unified Modeling Language (OMG UML),
        Superstructure
    },
    note =     {http://www.omg.org/spec/UML/2.2/Superstructure/PDF},
    year =         2009
}

@inproceedings{Mouelhi:2008:MFS:1434657.1434710,
    author = {Mouelhi, Tejeddine and Fleurey, Franck and Baudry, Benoit and Traon, Yves},
    title = {A Model-Based Framework for Security Policy Specification, Deployment and Testing},
    booktitle = {Proceedings of the 11th international conference on Model Driven Engineering Languages and Systems},
    series = {MoDELS '08},
    year = {2008},
    isbn = {978-3-540-87874-2},
    location = {Toulouse, France},
    pages = {537--552},
    numpages = {16},
    acmid = {1434710},
    publisher = {Springer-Verlag},
    address = {Berlin, Heidelberg},
    keywords = {Metamodeling, Model-driven engineering methodology, Security},
}

@INPROCEEDINGS{Cohen03constructingtest,
    author = {Myra B. Cohen and Peter B. Gibbons and Warwick B. Mugridge},
    title = {Constructing test suites for interaction testing},
    booktitle = {Proc. Intl. Conf. on Software Engineering (ICSE)},
    year = {2003},
    pages = {38--48}
}

@Article{DeMillo,
    title = "Hints on Test Data Selection: Help for the Practicing Programmer",
    author = "Richard A. DeMillo,Richard J. Lipton,Frederick G. Sayward",
    year = "1978",
    month = "April",
    address = "Long Beach CA 90803",
    institution = "The Institute of Electrical and Electronic Engineers, Inc.",
    journal = "Computer",
    number = "4",
    pages = "34-41",
    volume = "11",
}

@inproceedings{Martin:2006:ATG:1176617.1176708,
    author = {Martin, Evan},
    title = {Automated test generation for access control policies},
    booktitle = {Companion to the 21st ACM SIGPLAN symposium on Object-oriented programming systems, languages, and applications},
    series = {OOPSLA '06},
    year = {2006},
    isbn = {1-59593-491-X},
    location = {Portland, Oregon, USA},
    pages = {752--753},
    numpages = {2},
    url = {http://doi.acm.org/10.1145/1176617.1176708},
    doi = {http://doi.acm.org/10.1145/1176617.1176708},
    acmid = {1176708},
    publisher = {ACM},
    address = {New York, NY, USA},
    keywords = {XACML, access control policy, test generation},
}



@inproceedings{letraon07,
    Author = {Le Traon, Yves and Mouelhi, Tejeddine and Baudry, Benoit},
    Booktitle = {ISSRE'07 (Int. Symposium on Software Reliability Engineering)},
    Title = {Testing security policies: going beyond functional testing},
    Url = {http://www.irisa.fr/triskell/publis/2007/letraon07.pdf},
    X-Country = {SE},
    X-International-Audience = {yes},
    X-Language = {EN},
    X-Proceedings = {yes},
    Year = {2007},
    annote={test, security},
    Bdsk-Url-1 = {http://www.irisa.fr/triskell/publis/2007/letraon07.pdf}}


    @inproceedings{orbac,
        author = {Kalam, Anas Abou El and Benferhat, Salem and Mi\`{e}ge, Alexandre and Baida, Rania El and Cuppens, Fr\'{e}d\'{e}ric and Saurel, Claire and Balbiani, Philippe and Deswarte, Yves and Trouessin, Gilles},
        title = {Organization based access control},
        booktitle = {Proceedings of the 4th IEEE International Workshop on Policies for Distributed Systems and Networks},
        series = {POLICY '03},
        year = {2003},
    }



@InProceedings{Liris-3497,
    title         = {{Security Rules Specification and Analysis Based on
        Passive Testing}},
    author        = {Wissam {Mallouli} and FayÔøΩal {Bessayah} and Ana {Cavalli}
        and Azzedine {Benameur}},
    year          = {2008},
    month         = dec,
    booktitle     = {The IEEE Global Communications Conference (GLOBECOM
            2008)},
    editor        = {IEEE}
}

@INPROCEEDINGS{DGF04,
    author = {Donald G. Firesmith},
    title = {Specifying Reusable Security Requirements},
    booktitle = {Journal of Object Technology (JOT)},
    pages = {61-75},
    vol = 3,
    editor = {J. Grabowski and B. Nielsen},
    number = {1},
    publisher = {Swiss Federal Institute of Technology (ETH), Zurich, Switzerland},
    month = feb,
    year = {2004}
}


@InProceedings{ISO2009,
    title         = {{Common Criteria for Information Technology Security (CC)}},
    author        = {{ISO/IEC}},
    year          = {2009},
    month         = dec,
    booktitle     = {ISO/IEC 15408, version 3.1, ISO/IEC 15408},
}

@InProceedings{SP10,
    title         = {Formal Specification of Common Criteria Based Access Control Policy},
    author        = {M. Singh and S. Pattterh},
    year          = {2010},
    month         = dec,
    booktitle     = {International Journal of Network Security},
    vol =         {11},
    pages = { 139-148},
}

@inproceedings{796919,
    author = {Kropp,, N. P. and Koopman,, P. J. and Siewiorek,, D. P.},
    title = {Automated Robustness Testing of Off-the-Shelf Software Components},
    booktitle = {FTCS '98: Proceedings of the The Twenty-Eighth Annual International Symposium on Fault-Tolerant Computing},
    year = {1998},
    isbn = {0-8186-8470-4},
    pages = {230},
    publisher = {IEEE Computer Society},
    address = {Washington, DC, USA},
}

@inproceedings{owasp,
    author =       {OWASP},
    title =        {OWASP Testing Guide V3.0 project},
    url =     {http://www.owasp.org/index.php/Category:OWASP\_Testing \_Project\#OWASP\_\\Testing\_Guide\_v3},
    type={(accessed May 1, 2012)},
    year =         2003
}

@book{SQLInj,
    author = {Neil Daswani and Christoph Kern and Anita Kesavan},
    title = {Foundations of Security},
    publisher = { Apress, Berkely, CA, USA },
    pages = {123--138},
    year = {2007}
}


@inproceedings{Mallouli07,
    author    = {Wissam Mallouli and Jean-Marie Orset and Ana Cavalli and Nora Cuppens-Boulahia and Fr{\'e}d{\'e}ric Cuppens},
    title     = {A formal approach for testing security rules},
    booktitle = {12th ACM symposium on Access control models and technologies, SACMAT},
    pages     = {127-132},
    year      = {2007}
}

@inproceedings{nasm05,
    author = {F. Cuppens and  N. Cuppens-Boulahia and T. Sans},
    title = {Nomad : A Security Model with Non Atomic Actions and Deadlines},
    booktitle ={Computer Security Foundations. CSFW-18 2005. 18th IEEE Workshop },
    pages = {186--196},
    issn = {1063-6900},
    month = {June},
    year = {2005}
}

@inproceedings{OME09,
    author = {Ongtang, Machigar and McLaughlin, Stephen and Enck, William and McDaniel, Patrick},
    title = {Semantically Rich Application-Centric Security in Android},
    booktitle = {Proceedings of the 2009 Annual Computer Security Applications Conference},
    series = {ACSAC '09},
    year = {2009},
    pages = {340--349}
}


@inproceedings{EAK10,
    author = {Chin, Erika and Felt, Adrienne Porter and Greenwood, Kate and Wagner, David},
    title = {Analyzing inter-application communication in Android},
    booktitle = {Proceedings of the 9th international conference on Mobile systems, applications, and services},
    year = {2011},
    pages = {239--252}
}


@inproceedings{MDJ09,
    hal_id = {inria-00420424},
    title = {{Automatic Testing of Access Control for Security Properties}},
    author = {Marchand, Herv{\'e} and Dubreil, J{\'e}r{\'e}my and J{\'e}ron, Thierry},
    booktitle = {{TESTCOM/FATES 2009}},
    year = {2009},
    month = Nov
}


@inproceedings{MFBT12,
    author = {Mouelhi, Tejeddine and Fleurey, Franck and Baudry, Benoit and Traon, Yves},
    title = {A Model-Based Framework for Security Policy Specification, Deployment and Testing},
    booktitle = {Proceedings of the 11th international conference on Model Driven Engineering Languages and Systems},
    year = {2008},
    pages = {537--552},
}

@inproceedings{MMC09,
    author    = {Wissam Mallouli and Amel Mammar and Ana Rosa Cavalli},
    title    = {A Formal Framework to Integrate Timed Security Rules within
        a TEFSM-Based System Specification},
    booktitle = {16th Asia-Pacific Software Engineering Conference
        (ASPEC'09), Malaysia},
    month = {dec},
    year      = {2009}
}

@inproceedings{Cohen03,
    author = {Cohen, Myra B. and Gibbons, Peter B. and Mugridge, Warwick B. and Colbourn, Charles J.},
    title = {Constructing test suites for interaction testing},
    booktitle = {Proc. of the 25th International Conference on Software Engineering},
    year = {2003},
    pages = {38--48},
}


@inproceedings{AD,
    title = {Android Developer page},
    author = {AD},
    booktitle = {http:// developer.android.com/index.html, last accessed feb 2013},
    year = 2013}


    @inproceedings{Report,
        title =        {IT Business: Android Security},
        author = {Report},
        booktitle = {http:// www.itbusinessedge.com/cm/blogs/weinschenk/ google-must-deal-with-android-security-problems-quickly/?cs=49291, , last accessed feb 2013},
        year = 2012,
        month = {june} }


        @inproceedings{M01,
            author = {Peter Muchogou},
            title = {{Java Uml reverse Engineer}},
            booktitle = {{MSc Distributed Multimedia Systems}},
            year = {2000/2001},
        }


@inproceedings{EAKD11,
    author = {Chin, Erika and Felt, Adrienne Porter and Greenwood, Kate and Wagner, David},
    title = {Analyzing inter-application communication in Android},
    booktitle = {Proc. of the 9th International Conference on Mobile Systems, Applications, and Services},
    year = {2011},
}

@article {AHKSD12, author = {Marback, Aaron and Do, Hyunsook and
    He, Ke and Kondamarri, Samuel and Xu, Dianxiang}, title = {A
        threat model-based approach to security testing}, journal
        ={Software: Practice and Experience}, volume = {43}, number = {2},
    issn = {1097-024X}, url = {http://dx.doi.org/10.1002/spe.2111},
    doi = {10.1002/spe.2111}, pages = {241--258}, keywords = {threat
        modeling, threat trees, security testing, software testing}, year
        = {2013}, }


        @inproceedings{EG10,
            author = {Enck, William and Gilbert, Peter and Chun, Byung-Gon and Cox, Landon P. and Jung, Jaeyeon and McDaniel, Patrick and Sheth, Anmol N.},
            title = {TaintDroid: an information-flow tracking system for realtime privacy monitoring on smartphones},
            booktitle = {Proc. of the 9th USENIX conference on Operating systems design and implementation},
            year = {2010},
        }

@inproceedings{Benli,
    author = {Benli, Selin and Habash, Anthony and Herrmann, Andy and Loftis, Tyler and Simmonds, Devon},
    title = {A Comparative Evaluation of Unit Testing Techniques on a Mobile Platform},
    booktitle = {Proceedings of the 9th International Conference on Information Technology - New Generations},
    series = {ITNG '12},
    year = {2012},
    isbn = {978-0-7695-4654-4},
    pages = {263--268},
    numpages = {6},
    doi = {10.1109/ITNG.2012.45},
    acmid = {2311409},
    publisher = {IEEE Computer Society},
    keywords = {Software Engineering, Unit Testing, Android Applications, White Box Testing, Black Box Testing},
}

@inproceedings{jing,
    author = {Jing, Yiming and Ahn, Gail-Joon and Hu, Hongxin},
    booktitle = {Proceedings of the 7th International Workshop on Security (IWSEC)},
    editor = {Hanaoka, Goichiro and Yamauchi, Toshihiro},
    ee = {http://dx.doi.org/10.1007/978-3-642-34117-5_1},
    interhash = {4eaaf82715155438d681fef9a3f1ff29},
    intrahash = {742f16e627fc79d15484ffa057c8f5e1},
    isbn = {978-3-642-34116-8},
    keywords = {dblp},
    pages = {1-18},
    publisher = {Springer},
    series = {Lecture Notes in Computer Science},
    timestamp = {2012-11-05T00:00:00.000+0100},
    title = {Model-Based Conformance Testing for Android.},
    volume = 7631,
    year = 2012
}



@INPROCEEDINGS{zhong,
    author={Jiagui Zhong and Jianjun Huang and Bin Liang},
    booktitle={Computer Science Service System (CSSS), 2012 International Conference on},
    title={Android Permission Re-delegation Detection and Test Case Generation},
    year={2012},
    month={aug.},
    pages={871 -874},
    doi={10.1109/CSSS.2012.222},
    ISSN={},}

    @inproceedings{grace,
        author = {Grace, Michael and Zhou, Yajin and Wang, Zhi and Jiang, Xuxian},
        booktitle = {Proceedings of the 19th Network and Distributed System Security Symposium (NDSS)},
        location = {San Diego, CA, USA},
        month = feb,
        title = {Systematic Detection of Capability Leaks in Stock {Android} Smartphones},
        year = {2012}
    }

@techreport{RR14,
    author        = {S√©bastien Salva and William Durand},
    title         = {Model inference combining expert systems and formal models},
    institution   = {LIMOS, http://sebastien.salva.free.fr/RR-14-04.pdf},
    year          = {2014},
    note          = {LIMOS Research report RR-14-04},
}

@inproceedings{hungar2002,
    author    = {Hardi Hungar and
        Tiziana Margaria and
            Bernhard Steffen},
    title     = {Model Generation for Legacy Systems},
    booktitle = {Radical Innovations of Software and
        Systems Engineering in the Future,
        9th International Workshop, {RISSEF}
        2002, Venice, Italy, October
            7-11, 2002, Revised Papers},
    pages     = {167--183},
    year      = {2002},
    url       =
    {http://dx.doi.org/10.1007/978-3-540-24626-8_11},
    doi       = {10.1007/978-3-540-24626-8_11},
    timestamp = {Wed, 06 Jul 2011 21:21:08
        +0200},
    biburl    =
    {http://dblp1.uni-trier.de/rec/bib/conf/rissef/HungarMS02},
    bibsource = {dblp computer science
        bibliography, http://dblp.org}
}

@proceedings{DBLP:conf/rissef/2002,
    editor    = {Martin Wirsing and
        Alexander Knapp and
            Simonetta Balsamo},
    title     = {Radical Innovations of Software and Systems
        Engineering in the Future,
        9th International Workshop, {RISSEF}
        2002, Venice, Italy, October
            7-11, 2002, Revised Papers},
    series    = {Lecture Notes in Computer Science},
    volume    = {2941},
    publisher = {Springer},
    year      = {2004},
    isbn      = {3-540-21179-9},
    timestamp = {Sat, 16 Nov 4447011 02:38:08
        +nce},
    biburl    =
    {http://dblp1.uni-trier.de/rec/bib/conf/rissef/2002},
    bibsource = {dblp computer science
        bibliography, http://dblp.org}
}

@INPROCEEDINGS{Salah05scenariographer,
    author = {Maher Salah and Trip Denton and Spiros
        Mancoridis and Ali Shokouf},
    title = {Scenariographer: A tool for reverse
        engineering class usage scenarios from method
            invocation sequences},
    booktitle = {In ICSM},
    year = {2005},
    pages = {155--164},
    publisher = {IEEE Computer Society}
}

@INPROCEEDINGS{Memon:2003:GRR:950792.951350,
    author = {Memon, Atif and Banerjee, Ishan and Nagarajan, Adithya},
    title = {GUI Ripping: Reverse Engineering of Graphical User Interfaces for Testing},
    booktitle = {Proceedings of the 10th Working Conference on Reverse Engineering},
    series = {WCRE '03},
    year = {2003},
    isbn = {0-7695-2027-8},
    pages = {260--},
    url = {http://dl.acm.org/citation.cfm?id=950792.951350},
    acmid = {951350},
    publisher = {IEEE Computer Society},
    address = {Washington, DC, USA},
}

@article{MobiGUITARIEEESoftware2014,
    author = {Domenico Amalfitano and Anna Rita Fasolino and Porfirio Tramontana and Bryan Dzung Ta and Atif M. Memon},
    title = {MobiGUITAR -- A Tool for Automated Model-Based Testing of Mobile Apps},
    journal = {IEEE Software},
    publisher = {IEEE Computer Society Press},
    address = {Los Alamitos, CA, USA},
    year = {2014}
}

@article{guitar,
    author = {BaoN. Nguyen and Bryan Robbins and Ishan
        Banerjee and Atif Memon},
    title = {GUITAR: an innovative tool for automated
        testing of GUI-driven
            software},
    journal = {Automated Software Engineering},
    pages = {1-41},
    publisher = {Springer US},
    year = {2013},
    language = {English},
    issn = {0928-8910},
    url =
    {http://dx.doi.org/10.1007/s10515-013-0128-9}
}

@TECHREPORT{Abdulla06,
    author = {Parosh Aziz Abdulla and Lisa Kaati and Johanna
        Hogberg},
    title = {Bisimulation minimization of tree automata},
    institution = {In Proc. 11th Int. Conf.
        Implementation and Application of Automata,
        volume 4094 of LNCS},
    year = {2006}
}

@book{rehg2004computer,
    title={Computer-integrated Manufacturing},
    author={Rehg, J.A. and Kraebber, H.W.},
    isbn={9780131134133},
    lccn={2004001895},
    url={http://books.google.fr/books?id=zuVTAAAAMAAJ},
    year={2004},
    publisher={Pearson Prentice Hall}
}

@techreport{RR15a,
    author        = {S√©bastien Salva and William Durand},
    title         = {Inferring formal models from production systems},
    institution   = {LIMOS, http://sebastien.salva.free.fr/RR-15-02.pdf},
    year          = {2015},
    note          = {LIMOS Research report RR-15-02},
}

// regression

@INPROCEEDINGS{65194,
    author={Leung, H.K.N. and White, L.},
    booktitle={Software Maintenance, 1989., Proceedings.,
        Conference on},
    title={Insights into regression testing [software testing]},
    year={1989},
    month={Oct},
    pages={60-69},
    keywords={program testing;software engineering;corrective
        regression testing;program design;regression
            number;regression testability;regression testing
            problem;retest strategy;test classification
            phase;test plan design;test plan update problem;test
            selection problem;testing number;testing set;workable
            metrics;Councils;Error correction;Flow graphs;Logic
            testing;Performance evaluation;Phase
            detection;Software systems;Software testing;System
            testing},
    doi={10.1109/ICSM.1989.65194},
}

@INPROCEEDINGS{Chen94testtube:a,
    author = {Yih-farn Chen and David S. Rosenblum and Kiem-phong Vo},
    title = {TestTube: A System for Selective Regression
        Testing},
    booktitle = {In Proceedings of the 16th
        International Conference on Software
            Engineering},
    year = {1994},
    pages = {211--222}
}

@article{Rothermel:1997:SER:248233.248262,
    author = {Rothermel, Gregg and Harrold, Mary Jean},
    title = {A Safe, Efficient Regression Test Selection
        Technique},
    journal = {ACM Trans. Softw. Eng. Methodol.},
    issue_date = {April 1997},
    volume = {6},
    number = {2},
    month = apr,
    year = {1997},
    issn = {1049-331X},
    pages = {173--210},
    numpages = {38},
    url = {http://doi.acm.org/10.1145/248233.248262},
    doi = {10.1145/248233.248262},
    acmid = {248262},
    publisher = {ACM},
    address = {New York, NY, USA},
    keywords = {regression test selection,
        regression testing, selective retest},
}

@INPROCEEDINGS{4700316,
    author={Mariani, L. and Pastore, F.},
    booktitle={Software Reliability Engineering, 2008. ISSRE 2008. 19th International Symposium on},
    title={Automated Identification of Failure Causes in System Logs},
    year={2008},
    month={Nov},
    pages={117-126},
    keywords={software fault tolerance;system monitoring;failure
        causes automated identification;log files;system
            administrators;system logs;Databases;Event
            detection;Expert systems;Failure analysis;Information
            analysis;Inspection;Law;Legal factors;Software
            reliability;System testing;anomaly
            detection;automated analysis;k behavior;log file
            analysis;software debugging;software fault
            diagnosis;software quality;software tools},
    doi={10.1109/ISSRE.2008.48},
    ISSN={1071-9458},}

    @inproceedings{cotroneo2007investigation,
        title={Investigation of failure causes in workload-driven
            reliability testing},
        author={Cotroneo, Domenico and Pietrantuono, Roberto and
            Mariani, Leonardo and Pastore, Fabrizio},
        booktitle={Fourth international workshop on Software
            quality assurance: in conjunction with the 6th
                ESEC/FSE joint meeting},
        pages={78--85},
        year={2007},
        organization={ACM}
    }

@INPROCEEDINGS{Andrews00broad-spectrumstudies,
    author = {James H. Andrews and Yingjun Zhang},
    title = {Broad-spectrum studies of log file analysis},
    booktitle = {Proceedings of the 22nd International Conference
        on Software Engineering (ICSE 2000)},
    year = {2000}
}

@article{mariani2007dynamic,
    author = {Leonardo Mariani and Mauro Pezze},
    title = {Dynamic Detection of COTS Component Incompatibility},
    journal ={IEEE Software},
    volume = {24},
    number = {5},
    issn = {0740-7459},
    year = {2007},
    pages = {76-85},
    doi = {http://doi.ieeecomputersociety.org/10.1109/MS.2007.138},
    publisher = {IEEE Computer Society},
    address = {Los Alamitos, CA, USA},
}

@article{1695852,
    author = {Victoria J. Hodge and Jim Austin},
    title = {{A Survey of Outlier Detection Methodologies}},
    journal = {Artificial Intelligence Review},
    volume = {22},
    year = {2004},
    pages = {85--126},
    issue = {2},
    doi = {http://dx.doi.org/10.1023/B:AIRE.0000045502.10941.a9},
    masid = {1695852}
}

@inproceedings{DBLP:conf/fm/DurandS15,
    author    = {William Durand and
        S{\'{e}}bastien Salva},
    title     = {Autofunk: An Inference-Based Formal Model Generation Framework for
        Production Systems},
    booktitle = {{FM} 2015: Formal Methods - 20th International Symposium, Oslo, Norway,
        June 24-26, 2015, Proceedings},
    pages     = {577--580},
    year      = {2015},
    url       = {http://dx.doi.org/10.1007/978-3-319-19249-9_36},
    doi       = {10.1007/978-3-319-19249-9_36},
    timestamp = {Tue, 26 May 2015 14:26:29 +0200},
    biburl    = {http://dblp.uni-trier.de/rec/bib/conf/fm/DurandS15},
    bibsource = {dblp computer science bibliography, http://dblp.org}
}

@inproceedings{TonellaNMLH13,
    author    = {Paolo Tonella and Cu Duy Nguyen and Alessandro Marchetto and Kiran Lakhotia and Mark Harman},
    title     = {Automated generation of state abstraction functions using data invariant inference},
    booktitle = {8th International Workshop on Automation of Software Test, {AST} 2013, San Francisco, CA, USA, May 18-19, 2013},
    pages     = {75--81},
    year      = {2013},
    url       = {http://dx.doi.org/10.1109/IWAST.2013.6595795},
    doi       = {10.1109/IWAST.2013.6595795},
    timestamp = {Wed, 04 Feb 2015 10:06:16 +0100},
    biburl    = {http://dblp.uni-trier.de/rec/bib/conf/icse/TonellaNMLH13},
    bibsource = {dblp computer science bibliography, http://dblp.org}
}

@inproceedings{Krka:2010:UDE:1810295.1810324,
    author = {Krka, Ivo and Brun, Yuriy and Popescu, Daniel and Garcia, Joshua and Medvidovic, Nenad},
    title = {Using Dynamic Execution Traces and Program Invariants to Enhance Behavioral Model Inference},
    booktitle = {Proceedings of the 32Nd ACM/IEEE International Conference on Software Engineering - Volume 2},
    series = {ICSE '10},
    year = {2010},
    isbn = {978-1-60558-719-6},
    location = {Cape Town, South Africa},
    pages = {179--182},
    numpages = {4},
    url = {http://doi.acm.org/10.1145/1810295.1810324},
    doi = {10.1145/1810295.1810324},
    acmid = {1810324},
    publisher = {ACM},
    address = {New York, NY, USA},
    keywords = {dynamic analysis, likely invariants, specification mining},
}

@article{5009015,
    author={Biermann, A.W. and Feldman, J.A.},
    journal={Computers, IEEE Transactions on},
    title={On the Synthesis of Finite-State Machines from Samples of Their Behavior},
    year={1972},
    volume={C-21},
    number={6},
    pages={592-597},
    keywords={Application software;Computer science;Electrons;Error correction codes;Information science;Statistical analysis;Telemetry;Tellurium;Finite-state functions;Nerode realization;finite-state machines;inference;sequential learning;synthesis},
    doi={10.1109/TC.1972.5009015},
    ISSN={0018-9340},
    month={June},}

    @inproceedings{Fox:2005:ASD:1062455.1062462,
        author = {Fox, Armando},
        title = {Addressing Software Dependability with Statistical and Machine Learning Techniques},
        booktitle = {Proceedings of the 27th International Conference on Software Engineering},
        series = {ICSE '05},
        year = {2005},
        isbn = {1-58113-963-2},
        location = {St. Louis, MO, USA},
        pages = {8--8},
        numpages = {1},
        url = {http://doi.acm.org/10.1145/1062455.1062462},
        doi = {10.1145/1062455.1062462},
        acmid = {1062462},
        publisher = {ACM},
        address = {New York, NY, USA},
        keywords = {UML, reverse engineering, static analysis},
    }

@INPROCEEDINGS{4023976,
    author={Lo, D. and Siau-Cheng Khoo},
    booktitle={Reverse Engineering, 2006. WCRE '06. 13th Working Conference on},
    title={QUARK: Empirical Assessment of Automaton-based Specification Miners},
    year={2006},
    pages={51-60},
    keywords={application program interfaces;formal specification;reverse engineering;software quality;software tools;automaton-based specification miner;empirical assessment;mining software temporal specification;quality assurance framework;reverse engineering;software specification;software tool;temporal API specification;Formal specifications;Learning automata;Machine learning;Protocols;Reverse engineering;Robustness;Scalability;Software engineering;Software measurement;Software performance},
    doi={10.1109/WCRE.2006.47},
    ISSN={1095-1350},
    month={Oct},
}

@inproceedings{Lo:2009:ASB:1595696.1595761,
    author = {Lo, David and Mariani, Leonardo and Pezz\`{e}, Mauro},
    title = {Automatic Steering of Behavioral Model Inference},
    booktitle = {Proceedings of the the 7th Joint Meeting of the European Software Engineering Conference and the ACM SIGSOFT Symposium on The Foundations of Software Engineering},
    series = {ESEC/FSE '09},
    year = {2009},
    isbn = {978-1-60558-001-2},
    location = {Amsterdam, The Netherlands},
    pages = {345--354},
    numpages = {10},
    url = {http://doi.acm.org/10.1145/1595696.1595761},
    doi = {10.1145/1595696.1595761},
    acmid = {1595761},
    publisher = {ACM},
    address = {New York, NY, USA},
    keywords = {dynamic analysis, mining automata, temporal properties},
}

@article{Lo20122063,
    title = "Learning extended \{FSA\} from software: An empirical assessment ",
    journal = "Journal of Systems and Software ",
    volume = "85",
    number = "9",
    pages = "2063 - 2076",
    year = "2012",
    note = "Selected papers from the 2011 Joint Working IEEE/IFIP Conference on Software Architecture (WICSA 2011) ",
    issn = "0164-1212",
    doi = "http://dx.doi.org/10.1016/j.jss.2012.04.001",
    url = "http://www.sciencedirect.com/science/article/pii/S0164121212001008",
    author = "David Lo and Leonardo Mariani and Mauro Santoro",
    keywords = "\{FSA\} inference",
    keywords = "Empirical validation",
    keywords = "Behavioral models "
}

@inproceedings{Raffelt:2005:LLA:1081180.1081189,
    author = {Raffelt, Harald and Steffen, Bernhard and Berg, Therese},
    title = {LearnLib: A Library for Automata Learning and Experimentation},
    booktitle = {Proceedings of the 10th International Workshop on Formal Methods for Industrial Critical Systems},
    series = {FMICS '05},
    year = {2005},
    isbn = {1-59593-148-1},
    location = {Lisbon, Portugal},
    pages = {62--71},
    numpages = {10},
    url = {http://doi.acm.org/10.1145/1081180.1081189},
    doi = {10.1145/1081180.1081189},
    acmid = {1081189},
    publisher = {ACM},
    address = {New York, NY, USA},
    keywords = {DFAs and mealy machines, automata learning, behavioural analysis, behavioural specification, domain-specific optimization, experimentation, quantitative analysis, software library, validation},
}

@incollection{hungar,
    year={2004},
    isbn={978-3-540-21179-2},
    booktitle={Radical Innovations of Software and Systems Engineering in the Future},
    volume={2941},
    series={Lecture Notes in Computer Science},
    editor={Wirsing, Martin and Knapp, Alexander and Balsamo, Simonetta},
    doi={10.1007/978-3-540-24626-8_11},
    title={Model Generation for Legacy Systems},
    url={http://dx.doi.org/10.1007/978-3-540-24626-8_11},
    publisher={Springer Berlin Heidelberg},
    author={Hungar, Hardi and Margaria, Tiziana and Steffen, Bernhard},
    pages={167-183},
    language={English}
}

@inproceedings{Walkinshaw07reverseengineering,
    author = {Neil Walkinshaw and Kirill Bogdanov and Mike Holcombe and Sarah Salahuddin},
    title = {Reverse engineering state machines by interactive grammar inference},
    booktitle = {In Proceedings of the 14th Working Conference on Reverse Engineering (WCRE‚Äô07},
            year = {2007},
            publisher = {IEEE}
            }

            @INPROCEEDINGS{6079839,
            author={Antunes, J. and Neves, N. and Verissimo, P.},
            booktitle={Reverse Engineering (WCRE), 2011 18th Working Conference on},
            title={Reverse Engineering of Protocols from Network Traces},
            year={2011},
            pages={169-178},
            keywords={finite state machines;formal specification;protocols;reverse engineering;telecommunication computing;communication protocol;message format;network trace;protocol language;protocol reverse engineering;protocol specification;state machine;Automata;Grammar;Minimization;Payloads;Protocols;Reverse engineering;Servers;diversity;intrusion tolerance;service replication},
            doi={10.1109/WCRE.2011.28},
            ISSN={1095-1350},
            month={Oct},}

            @inproceedings{Bertolino:2009:ASB:1595696.1595719,
            author = {Bertolino, Antonia and Inverardi, Paola and Pelliccione, Patrizio and Tivoli, Massimo},
            title = {Automatic Synthesis of Behavior Protocols for Composable Web-services},
            booktitle = {Proceedings of the the 7th Joint Meeting of the European Software Engineering Conference and the ACM SIGSOFT Symposium on The Foundations of Software Engineering},
            series = {ESEC/FSE '09},
            year = {2009},
            isbn = {978-1-60558-001-2},
            location = {Amsterdam, The Netherlands},
            pages = {141--150},
            numpages = {10},
            url = {http://doi.acm.org/10.1145/1595696.1595719},
            doi = {10.1145/1595696.1595719},
            acmid = {1595719},
            publisher = {ACM},
            address = {New York, NY, USA},
            keywords = {automatic synthesis, behavior protocols, testing, web-services},
            }

@inproceedings{Yang:2006:PMT:1134285.1134325,
    author = {Yang, Jinlin and Evans, David and Bhardwaj, Deepali and Bhat, Thirumalesh and Das, Manuvir},
    title = {Perracotta: Mining Temporal API Rules from Imperfect Traces},
    booktitle = {Proceedings of the 28th International Conference on Software Engineering},
    series = {ICSE '06},
    year = {2006},
    isbn = {1-59593-375-1},
    location = {Shanghai, China},
    pages = {282--291},
    numpages = {10},
    url = {http://doi.acm.org/10.1145/1134285.1134325},
    doi = {10.1145/1134285.1134325},
    acmid = {1134325},
    publisher = {ACM},
    address = {New York, NY, USA},
    keywords = {dynamic analysis, specification inference, temporal properties},
}

@article{Ammons:2002:MS:565816.503275,
    author = {Ammons, Glenn and Bod\'{\i}k, Rastislav and Larus, James R.},
    title = {Mining Specifications},
    journal = {SIGPLAN Not.},
    issue_date = {Jan. 2002},
    volume = {37},
    number = {1},
    month = jan,
    year = {2002},
    issn = {0362-1340},
    pages = {4--16},
    numpages = {13},
    url = {http://doi.acm.org/10.1145/565816.503275},
    doi = {10.1145/565816.503275},
    acmid = {503275},
    publisher = {ACM},
    address = {New York, NY, USA},
}

@inproceedings{Ernst:1999:DDL:302405.302467,
    author = {Ernst, Michael D. and Cockrell, Jake and Griswold, William G. and Notkin, David},
    title = {Dynamically Discovering Likely Program Invariants to Support Program Evolution},
    booktitle = {Proceedings of the 21st International Conference on Software Engineering},
    series = {ICSE '99},
    year = {1999},
    isbn = {1-58113-074-0},
    location = {Los Angeles, California, USA},
    pages = {213--224},
    numpages = {12},
    url = {http://doi.acm.org/10.1145/302405.302467},
    doi = {10.1145/302405.302467},
    acmid = {302467},
    publisher = {ACM},
    address = {New York, NY, USA},
    keywords = {dynamic analysis, execution traces, formal specification, logical inference, pattern recognition, program invariants, software evolution},
}

@INPROCEEDINGS{919096,
    author={Reiss, S.P. and Renieris, M.},
    booktitle={Software Engineering, 2001. ICSE 2001. Proceedings of the 23rd International Conference on},
    title={Encoding program executions},
    year={2001},
    pages={221-230},
    keywords={context-free grammars;data analysis;directed graphs;encoding;finite state machines;program diagnostics;reverse engineering;compaction/selection techniques;context free grammar encoding;data encoding;data subset collection;directed acyclic graph;dynamic analysis;finite state automata;gprof-style N-depth call sequences;program execution encoding;raw traces;run-length encoding;structure inference techniques;time intervals;Buildings;Compaction;Computer science;Data visualization;Displays;Encoding;Libraries;Navigation;Performance analysis;Software systems},
    doi={10.1109/ICSE.2001.919096},
    ISSN={0270-5257},
    month={May},
}

@inproceedings{DBLP:conf/soict/DurandS14,
    author    = {William Durand and
        S{\'{e}}bastien Salva},
    title     = {Inferring models with rule-based expert systems},
    booktitle = {Proceedings of the Fifth Symposium on Information and Communication
        Technology, SoICT '14, Hanoi, Vietnam, December 4-5, 2014},
    pages     = {92--101},
    year      = {2014},
    url       = {http://doi.acm.org/10.1145/2676585.2676615},
    doi       = {10.1145/2676585.2676615},
    timestamp = {Sat, 31 Jan 2015 19:57:58 +0100},
    biburl    = {http://dblp.uni-trier.de/rec/bib/conf/soict/DurandS14},
    bibsource = {dblp computer science bibliography, http://dblp.org}
}

@inproceedings{DBLP:conf/debs/SalvaD15,
    author    = {S{\'{e}}bastien Salva and
        William Durand},
    title     = {Autofunk, a fast and scalable framework for building formal models
        from production systems},
    booktitle = {Proceedings of the 9th {ACM} International Conference on Distributed
        Event-Based Systems, {DEBS} '15, Oslo, Norway, June 29 - July 3, 2015},
    pages     = {193--204},
    year      = {2015},
    url       = {http://doi.acm.org/10.1145/2675743.2771876},
    doi       = {10.1145/2675743.2771876},
    timestamp = {Fri, 26 Jun 2015 09:20:56 +0200},
    biburl    = {http://dblp.uni-trier.de/rec/bib/conf/debs/SalvaD15},
    bibsource = {dblp computer science bibliography, http://dblp.org}
}

@incollection{ngll11,
    year={2011},
    isbn={978-3-642-19834-2},
    booktitle={Tools and Algorithms for the Construction and Analysis of Systems},
    volume={6605},
    series={Lecture Notes in Computer Science},
    editor={Abdulla, ParoshAziz and Leino, K.RustanM.},
    doi={10.1007/978-3-642-19835-9_18},
    title={Next Generation LearnLib},
    url={http://dx.doi.org/10.1007/978-3-642-19835-9_18},
    publisher={Springer Berlin Heidelberg},
    author={Merten, Maik and Steffen, Bernhard and Howar, Falk and Margaria, Tiziana},
    pages={220-223},
    language={English}
}

@techreport{settles.tr09,
    Author = {Burr Settles},
    Institution = {University of Wisconsin--Madison},
    Number = {1648},
    Title = {Active Learning Literature Survey},
    Type = {Computer Sciences Technical Report},
    Year = {2009},
}

@inproceedings{LamelaSeijas:2014:SAB:2633448.2633457,
    author = {Lamela Seijas, Pablo and Thompson, Simon and Taylor, Ramsay and Bogdanov, Kirill and Derrick, John},
    title = {Synapse: Automatic Behaviour Inference and Implementation Comparison for Erlang},
    booktitle = {Proceedings of the Thirteenth ACM SIGPLAN Workshop on Erlang},
    series = {Erlang '14},
    year = {2014},
    isbn = {978-1-4503-3038-1},
    location = {Gothenburg, Sweden},
    pages = {73--74},
    numpages = {2},
    url = {http://doi.acm.org/10.1145/2633448.2633457},
    doi = {10.1145/2633448.2633457},
    acmid = {2633457},
    publisher = {ACM},
    address = {New York, NY, USA},
    keywords = {active learning, comparison, erlang, fsm, grammar inference, machine extraction, model differences, passive learning},
}

@article{Ernst200735,
    title = "The Daikon system for dynamic detection of likely invariants ",
    journal = "Science of Computer Programming ",
    volume = "69",
    number = "1‚Äì3",
    pages = "35 - 45",
    year = "2007",
    note = "Special issue on Experimental Software and Toolkits ",
    issn = "0167-6423",
    doi = "http://dx.doi.org/10.1016/j.scico.2007.01.015",
    url = "http://www.sciencedirect.com/science/article/pii/S016764230700161X",
    author = "Michael D. Ernst and Jeff H. Perkins and Philip J. Guo and Stephen McCamant and Carlos Pacheco and Matthew S. Tschantz and Chen Xiao",
}

@incollection{debar00,
    year={2000},
    isbn={978-3-540-41085-0},
    booktitle={Recent Advances in Intrusion Detection},
    volume={1907},
    series={Lecture Notes in Computer Science},
    editor={Debar, Herv√© and M√©, Ludovic and Wu, S.Felix},
    doi={10.1007/3-540-39945-3_5},
    title={Using Finite Automata to Mine Execution Data for Intrusion Detection: A Preliminary Report},
    url={http://dx.doi.org/10.1007/3-540-39945-3_5},
    publisher={Springer Berlin Heidelberg},
    keywords={machine learning; finite automata; feature detection; data mining},
    author={Michael, Christoph and Ghosh, Anup},
    pages={66-79},
    language={English}
}

@incollection{tap2011,
    year={2011},
    isbn={978-3-642-21767-8},
    booktitle={Tests and Proofs},
    volume={6706},
    series={Lecture Notes in Computer Science},
    editor={Gogolla, Martin and Wolff, Burkhart},
    doi={10.1007/978-3-642-21768-5_11},
    title={Incremental Learning-Based Testing for Reactive Systems},
    url={http://dx.doi.org/10.1007/978-3-642-21768-5_11},
    publisher={Springer Berlin Heidelberg},
    author={Meinke, Karl and Sindhu, MuddassarA.},
    pages={134-151},
    language={English}
}

@INPROCEEDINGS{Dupont96incrementalregular,
    author = {Pierre Dupont},
    title = {Incremental Regular Inference},
    booktitle = {Proceedings of the Third ICGI-96},
    year = {1996},
    pages = {222--237},
    publisher = {Springer}
}

@incollection{parekh98,
    year={1998},
    isbn={978-3-540-64776-8},
    booktitle={Grammatical Inference},
    volume={1433},
    series={Lecture Notes in Computer Science},
    editor={Honavar, Vasant and Slutzki, Giora},
    doi={10.1007/BFb0054062},
    title={A polynomial time incremental algorithm for learning DFA},
    url={http://dx.doi.org/10.1007/BFb0054062},
    publisher={Springer Berlin Heidelberg},
    author={Parekh, Rajesh and Nichitiu, Codrin and Honavar, Vasant},
    pages={37-49},
    language={English}
}

@article{ANGLUIN198176,
    title = "A note on the number of queries needed to identify regular languages",
    journal = "Information and Control",
    volume = "51",
    number = "1",
    pages = "76 - 87",
    year = "1981",
    note = "",
    issn = "0019-9958",
    doi = "http://dx.doi.org/10.1016/S0019-9958(81)90090-5",
    url = "http://www.sciencedirect.com/science/article/pii/S0019995881900905",
    author = "Dana Angluin",
}

@incollection{meinkeCGE,
    year={2010},
    isbn={978-3-642-15487-4},
    booktitle={Grammatical Inference: Theoretical Results and Applications},
    volume={6339},
    series={Lecture Notes in Computer Science},
    editor={Sempere, Jos√©M. and Garc√≠a, Pedro},
    doi={10.1007/978-3-642-15488-1_13},
    title={CGE: A Sequential Learning Algorithm for Mealy Automata},
    url={http://dx.doi.org/10.1007/978-3-642-15488-1_13},
    publisher={Springer Berlin Heidelberg},
    author={Meinke, Karl},
    pages={148-162},
    language={English}
}

@INPROCEEDINGS{Parekh00grammarinference,
    author = {Rajesh Parekh and Vasant Honavar},
    title = {Grammar Inference, Automata Induction, and Language Acquisition},
    booktitle = {Handbook of Natural Language Processing},
    year = {2000},
    pages = {727--764},
    publisher = {Marcel Dekker}
}

@article{6771467,
    author={Mealy, George H.},
    journal={Bell System Technical Journal, The},
    title={A method for synthesizing sequential circuits},
    year={1955},
    volume={34},
    number={5},
    pages={1045-1079},
    doi={10.1002/j.1538-7305.1955.tb03788.x},
    ISSN={0005-8580},
    month={Sept},
}

@inproceedings{tonella2012finding,
    title={Finding the optimal balance between over and under approximation of models inferred from execution logs},
    author={Tonella, Paolo and Marchetto, Alessandro and Nguyen, Cu Duy and Jia, Yue and Lakhotia, Kiran and Harman, Mark},
    booktitle={Software Testing, Verification and Validation (ICST), 2012 IEEE Fifth International Conference on},
    pages={21--30},
    year={2012},
    organization={IEEE}
}

@article{rafe2013survey,
  title={A Survey on Coping with the State Space Explosion Problem in Model Checking},
  author={Rafe, Vahid and Rahmani, Mohsen and Rashidi, Kianoosh},
  journal={International Research Journal of Applied and Basic Sciences},
  year={2013}
}

@article{journals/corr/abs-1206-2691,
    added-at = {2012-10-10T00:00:00.000+0200},
    author = {Sindhu, Muddassar A. and Meinke, Karl},
    biburl = {http://www.bibsonomy.org/bibtex/2b0027f17d0c3ba5fac4d627cb406b057/dblp},
    ee = {http://arxiv.org/abs/1206.2691},
    interhash = {11560f9b9bf91b84bda84a5ffd61e98f},
    intrahash = {b0027f17d0c3ba5fac4d627cb406b057},
    journal = {CoRR},
    keywords = {dblp},
    timestamp = {2012-10-11T11:40:43.000+0200},
    title = {IDS: An Incremental Learning Algorithm for Finite Automata},
    url = {http://dblp.uni-trier.de/db/journals/corr/corr1206.html#abs-1206-2691},
    volume = {abs/1206.2691},
    year = 2012
}

@inproceedings{Wasylkowski07detectingobject,
    author = {Wasylkowski, Andrzej and Zeller, Andreas and Lindig, Christian},
    title = {Detecting Object Usage Anomalies},
    booktitle = {Proceedings of the the 6th Joint Meeting of
        the European Software Engineering Conference and the
            ACM SIGSOFT Symposium on The Foundations of
            Software Engineering},
    series = {ESEC-FSE '07},
    year = {2007},
    isbn = {978-1-59593-811-4},
    location = {Dubrovnik, Croatia},
    pages = {35--44},
    numpages = {10},
    url = {http://doi.acm.org/10.1145/1287624.1287632},
    doi = {10.1145/1287624.1287632},
    acmid = {1287632},
    publisher = {ACM},
    address = {New York, NY, USA},
    keywords = {automated defect detection,
        automated specification generation, data mining for software engineering,
        object usage anomalies, pattern recognition, programming rules, static analysis},
}

@misc{Wasylkowski_miningoperational,
    title={Mining operational preconditions},
    author={Wasylkowski, Andrzej and Zeller, Andreas},
    note={Technical report, Saarland University, Software Engineering Chair, 2008.
        Available from http://www.st.cs.uni-saarland.de/publications}
}

@inproceedings{Ghezzi:2009:SIB:1555001.1555057,
    author = {Ghezzi, Carlo and Mocci, Andrea and Monga, Mattia},
    title = {Synthesizing Intensional Behavior Models by Graph Transformation},
    booktitle = {Proceedings of the 31st International Conference on Software Engineering},
    series = {ICSE '09},
    year = {2009},
    isbn = {978-1-4244-3453-4},
    pages = {430--440},
    numpages = {11},
    url = {http://dx.doi.org/10.1109/ICSE.2009.5070542},
    doi = {10.1109/ICSE.2009.5070542},
    acmid = {1555057},
    publisher = {IEEE Computer Society},
    address = {Washington, DC, USA},
}

@inproceedings{Dallmeier_generatingtest,
    author = {Dallmeier, Valentin and Knopp, Nikolai and Mallon,
        Christoph and Hack, Sebastian and Zeller, Andreas},
    title = {Generating Test Cases for Specification Mining},
    booktitle = {Proceedings of the 19th International
        Symposium on Software Testing and Analysis},
    series = {ISSTA '10},
    year = {2010},
    isbn = {978-1-60558-823-0},
    location = {Trento, Italy},
    pages = {85--96},
    numpages = {12},
    url = {http://doi.acm.org/10.1145/1831708.1831719},
    doi = {10.1145/1831708.1831719},
    acmid = {1831719},
    publisher = {ACM},
    address = {New York, NY, USA},
    keywords = {specification mining, test case
        generation, typestate analysis},
}

@article{Alur:2005:SIS:1047659.1040314,
    author = {Alur, Rajeev and \v{C}ern\'{y}, Pavol and Madhusudan, P. and Nam, Wonhong},
    title = {Synthesis of Interface Specifications for Java Classes},
    journal = {SIGPLAN Not.},
    issue_date = {January 2005},
    volume = {40},
    number = {1},
    month = jan,
    year = {2005},
    issn = {0362-1340},
    pages = {98--109},
    numpages = {12},
    url = {http://doi.acm.org/10.1145/1047659.1040314},
    doi = {10.1145/1047659.1040314},
    acmid = {1040314},
    publisher = {ACM},
    address = {New York, NY, USA},
    keywords = {abstraction, behavioral interfaces, games, learning regular languages, model checking, software components, synthesis},
}

@incollection{regularinfBerg06,
    year={2006},
    isbn={978-3-540-33093-6},
    booktitle={Fundamental Approaches to Software Engineering},
    volume={3922},
    series={Lecture Notes in Computer Science},
    editor={Baresi, Luciano and Heckel, Reiko},
    doi={10.1007/11693017_10},
    title={Regular Inference for State Machines with Parameters},
    url={http://dx.doi.org/10.1007/11693017_10},
    publisher={Springer Berlin Heidelberg},
    author={Berg, Therese and Jonsson, Bengt and Raffelt, Harald},
    pages={107-121},
    language={English}
}

@incollection{regularinfBerg08,
    year={2008},
    isbn={978-3-540-78742-6},
    booktitle={Fundamental Approaches to Software Engineering},
    volume={4961},
    series={Lecture Notes in Computer Science},
    editor={Fiadeiro, Jos√É¬©Luiz and Inverardi, Paola},
    doi={10.1007/978-3-540-78743-3_24},
    title={Regular Inference for State Machines Using Domains with Equality Tests},
    url={http://dx.doi.org/10.1007/978-3-540-78743-3_24},
    publisher={Springer Berlin Heidelberg},
    author={Berg, Therese and Jonsson, Bengt and Raffelt, Harald},
    pages={317-331},
    language={English}
}

@incollection{howar2012,
    year={2012},
    isbn={978-3-642-34025-3},
    booktitle={Leveraging Applications of Formal Methods, Verification and Validation. Technologies for Mastering Change},
    volume={7609},
    series={Lecture Notes in Computer Science},
    editor={Margaria, Tiziana and Steffen, Bernhard},
    doi={10.1007/978-3-642-34026-0_41},
    title={Inferring Semantic Interfaces of Data Structures},
    url={http://dx.doi.org/10.1007/978-3-642-34026-0_41},
    publisher={Springer Berlin Heidelberg},
    author={Howar, Falk and Isberner, Malte and Steffen, Bernhard and Bauer, Oliver and Jonsson, Bengt},
    pages={554-571},
    language={English}
}

@incollection{howarRA2012,
    year={2012},
    isbn={978-3-642-27939-3},
    booktitle={Verification, Model Checking, and Abstract Interpretation},
    volume={7148},
    series={Lecture Notes in Computer Science},
    editor={Kuncak, Viktor and Rybalchenko, Andrey},
    doi={10.1007/978-3-642-27940-9_17},
    title={Inferring Canonical Register Automata},
    url={http://dx.doi.org/10.1007/978-3-642-27940-9_17},
    publisher={Springer Berlin Heidelberg},
    author={Howar, Falk and Steffen, Bernhard and Jonsson, Bengt and Cassel, Sofia},
    pages={251-266},
    language={English}
}

@article{Kaminski1994329,
    title = "Finite-memory automata",
    journal = "Theoretical Computer Science ",
    volume = "134",
    number = "2",
    pages = "329 - 363",
    year = "1994",
    note = "",
    issn = "0304-3975",
    doi = "http://dx.doi.org/10.1016/0304-3975(94)90242-9",
    url = "http://www.sciencedirect.com/science/article/pii/0304397594902429",
    author = "Michael Kaminski and Nissim Francez"
}

@incollection{steffen11,
    year={2011},
    isbn={978-3-642-21454-7},
    booktitle={Formal Methods for Eternal Networked Software Systems},
    volume={6659},
    series={Lecture Notes in Computer Science},
    editor={Bernardo, Marco and Issarny, Val√©rie},
    doi={10.1007/978-3-642-21455-4_8},
    title={Introduction to Active Automata Learning from a Practical Perspective},
    url={http://dx.doi.org/10.1007/978-3-642-21455-4_8},
    publisher={Springer Berlin Heidelberg},
    author={Steffen, Bernhard and Howar, Falk and Merten, Maik},
    pages={256-296},
    language={English}
}

@article{Whaley:2002:AEO:566171.566212,
    author = {Whaley, John and Martin, Michael C. and Lam, Monica S.},
    title = {Automatic Extraction of Object-oriented Component Interfaces},
    journal = {SIGSOFT Softw. Eng. Notes},
    issue_date = {July 2002},
    volume = {27},
    number = {4},
    month = jul,
    year = {2002},
    issn = {0163-5948},
    pages = {218--228},
    numpages = {11},
    url = {http://doi.acm.org/10.1145/566171.566212},
    doi = {10.1145/566171.566212},
    acmid = {566212},
    publisher = {ACM},
    address = {New York, NY, USA},
}

@inproceedings{Shoham:2007:SSM:1273463.1273487,
    author = {Shoham, Sharon and Yahav, Eran and Fink, Stephen
        and Pistoia, Marco},
    title = {Static Specification Mining Using Automata-based
        Abstractions},
    booktitle = {Proceedings of the 2007 International
        Symposium on Software Testing and Analysis},
    series = {ISSTA '07},
    year = {2007},
    isbn = {978-1-59593-734-6},
    location = {London, United Kingdom},
    pages = {174--184},
    numpages = {11},
    url = {http://doi.acm.org/10.1145/1273463.1273487},
    doi = {10.1145/1273463.1273487},
    acmid = {1273487},
    publisher = {ACM},
    address = {New York, NY, USA},
    keywords = {abstract interpretation,
        specification mining, static analysis,
        typestate},
}

@article{Srinivas94multiobjectiveoptimization,
    author = {N. Srinivas and Kalyanmoy Deb},
    title = {Multiobjective Optimization Using
        Nondominated Sorting in Genetic Algorithms},
    journal = {Evolutionary Computation},
    year = {1994},
    volume = {2},
    pages = {221--248}
}

@phdthesis{DBLP:phd/de/Niese2003,
    author    = {Oliver Niese},
    title     = {An integrated approach to testing complex systems},
    school    = {Dortmund University of Technology},
    year      = {2003},
    url       = {http://eldorado.uni-dortmund.de:8080/0x81d98002_0x0007b62b},
    timestamp = {Wed, 18 Apr 2012 14:13:54 +0200},
    biburl    = {http://dblp.uni-trier.de/rec/bib/phd/de/Niese2003},
    bibsource = {dblp computer science bibliography, http://dblp.org}
}

@book{Myers:1979:AST:539883,
    author = {Myers, Glenford J.},
    title = {Art of Software Testing},
    year = {1979},
    isbn = {0471043281},
    publisher = {John Wiley \& Sons, Inc.},
    address = {New York, NY, USA},
}

@article{durand2014inference,
    title={Inf{\'e}rence de modeles dirig{\'e}e par la logique m{\'e}tier},
    author={Durand, William and Salva, S{\'e}bastien},
    journal={Actes de la 13eme {\'e}dition d‚ÄôAFADL, atelier francophone sur les Approches Formelles dans l‚ÄôAssistance au D{\'e}veloppement de Logiciels, juin 2014.},
    pages={31},
    year={2014}
}

@misc{logicreasoning,
    title={Artificial Intelligence, Logic and Reasoning},
    author={Martial Hebert, Mike Lewicki},
    note={Lecture. Available from https://www.cs.cmu.edu/afs/cs/academic/class/15381-s07/www/slides/022707reasoning.pdf}
}

@article{wallace1989software,
    title={Software verification and validation: an overview},
    author={Wallace, Dolores R and Fujii, Roger U},
    journal={IEEE Software},
    number={3},
    pages={10--17},
    year={1989},
    publisher={IEEE}
}

@inproceedings{Boehm1979,
    address = {Cambridge, MA},
    author = {Bohem, Barry W.},
    booktitle = {{Research Directions in Software Technology} (Ch. 22)},
    editor = {Wegner, P.},
    keywords = {neon-d551},
    pages = {1--9},
    publisher = {{MIT Press}},
    title = {{Software Engineering; R \& D trends and defense needs}},
    year = {1979}
}

@techreport{iso9126,
    author = {{ISO}},
    institution = {International Organization for Standardization},
    keywords = {iso, usability},
    title = {{ISO/IEC} 9126-1:2001, {S}oftware engineering -- {P}roduct quality -- {P}art 1: {Q}uality model},
    url = {http://www.iso.org/iso/iso\_catalogue/catalogue\_tc/catalogue\_detail.htm?csnumber=22749},
    year = {2001}
}

@techreport{10951538,
    author = {{ISO/IEC}},
    publisher = {ISO/IEC},
    title = {{ISO/IEC 25010 - Systems and software engineering - Systems and software Quality Requirements and Evaluation (SQuaRE) - System and software quality models}},
    year = {2010}
}

@article{4425813,
    author={Bourque, P. and Dupuis, R.},
    journal={Guide to the Software Engineering Body of Knowledge, 2004. SWEBOK},
    title={Guide to the Software Engineering Body of Knowledge
        2004 Version},
    year={2004},
    pages={},
    month={}
}

@inproceedings{Enderlin:2011:PSL:2075545.2075551,
    author = {Enderlin, Ivan and Dadeau, Fr{\'e}d{\'e}ric and
        Giorgetti, Alain and Othman, Abdallah Ben},
    title = {Praspel: A Specification Language for
        Contract-based Testing in PHP},
    booktitle = {Proceedings of the 23rd IFIP WG 6.1
        International Conference on Testing Software and
            Systems},
    series = {ICTSS'11},
    year = {2011},
    isbn = {978-3-642-24579-4},
    location = {Paris, France},
    pages = {64--79},
    numpages = {16},
    url =
    {http://dl.acm.org/citation.cfm?id=2075545.2075551},
    acmid = {2075551},
    publisher = {Springer-Verlag},
    address = {Berlin, Heidelberg},
    keywords = {PHP, annotation language,
        design-by-contract, formal specifications,
        unit testing},
}

@book{Lano:1996:BLM:525749,
    author = {Lano, Kevin},
    title = {The  B Language and Method: A Guide to Practical
        Formal Development},
    year = {1996},
    isbn = {3540760334},
    edition = {1st},
    publisher = {Springer-Verlag New York, Inc.},
    address = {Secaucus, NJ, USA},
}

@book{Warmer:1998:OCL:291202,
    author = {Warmer, Jos and Kleppe, Anneke},
    title = {The Object Constraint Language: Precise Modeling
        with UML},
    year = {1999},
    isbn = {0-201-37940-6},
    publisher = {Addison-Wesley Longman Publishing Co.,
        Inc.},
    address = {Boston, MA, USA},
}

@article{117852,
    author       = {Mike Barnett and Manuel Fahndrich and K.
        Rustan M. Leino and Peter Mueller and
            Wolfram Schulte and Herman Venter},
    journal      = {Communications of the ACM},
    month        = {June},
    number       = {6},
    pages        = {81--91},
    publisher    = {Association for Computing Machinery, Inc.},
    title        = {Specification and Verification: The Spec{\#}
        Experience},
    url          =
    {http://research.microsoft.com/apps/pubs/default.aspx?id=117852},
    volume       = {54},
    year         = {2011},
}

@incollection{jml,
    year={1999},
    isbn={978-1-4613-7383-4},
    booktitle={Behavioral Specifications of Businesses and Systems},
    volume={523},
    series={The Springer International Series in Engineering and Computer Science},
    editor={Kilov, Haim and Rumpe, Bernhard and Simmonds, Ian},
    doi={10.1007/978-1-4615-5229-1_12},
    title={JML: A Notation for Detailed Design},
    url={http://dx.doi.org/10.1007/978-1-4615-5229-1_12},
    publisher={Springer US},
    author={Leavens, GaryT. and Baker, AlbertL. and Ruby, Clyde},
    pages={175-188},
    language={English}
}

@ARTICLE{lustre:ieee,
    AUTHOR={N. Halbwachs and P. Caspi and P. Raymond and D.
        Pilaud},
    TITLE={The synchronous dataflow programming language
        Lustre},
    JOURNAL={Proceedings of the IEEE},
    VOLUME={79},
    NUMBER={9},
    PAGES={1305-1320},
    MONTH={September},
    YEAR={1991}
}

@inproceedings{LeSergent:2011:SCF:2188575.2188578,
    author = {Le Sergent, Thierry},
    title = {SCADE: A Comprehensive Framework for Critical
        System and Software Engineering},
    booktitle = {Proceedings of the 15th International
        Conference on Integrating System and Software
            Modeling},
    series = {SDL'11},
    year = {2011},
    isbn = {978-3-642-25263-1},
    location = {Toulouse, France},
    pages = {2--3},
    numpages = {2},
    url =
    {http://dx.doi.org/10.1007/978-3-642-25264-8_2},
    doi = {10.1007/978-3-642-25264-8_2},
    acmid = {2188578},
    publisher = {Springer-Verlag},
    address = {Berlin, Heidelberg},
}

@article{Meyer:1992:ADC:618974.619797,
    author = {Meyer, Bertrand},
    title = {Applying "Design by Contract"},
    journal = {Computer},
    issue_date = {October 1992},
    volume = {25},
    number = {10},
    month = oct,
    year = {1992},
    issn = {0018-9162},
    pages = {40--51},
    numpages = {12},
    url = {http://dx.doi.org/10.1109/2.161279},
    doi = {10.1109/2.161279},
    acmid = {619797},
    publisher = {IEEE Computer Society Press},
    address = {Los Alamitos, CA, USA},
}

@article{Tre96,
    author  = {J. Tretmans},
    year    = 1996,
    journal = sc&t,
    volume  = 17,
    pages   = {103--120},
    title   = {Test generation with input, outputs, and repetitive quiescence}
}

@phdthesis{Bri88,
    author = {E. Brinksma},
    year   = 1988,
    school = ut,
    title  = {On the design of {Extended LOTOS} -- a specification language for open distributed systems}
}

@phdthesis{phalippou94,
    author = {M. Phalippou},
    year   = 1994,
    month  = sep,
    school = {Univ. of Bordeaux},
    title  = {Relation d'implantation et hypoth√®ses de test sur des automates √† entr√©es et sorties}
}

@article{tretmans1996conformance,
    title={Conformance testing with labelled transition
        systems: Implementation relations and test generation},
    author={Tretmans, Jan},
    journal={Computer networks and ISDN systems},
    volume={29},
    number={1},
    pages={49--79},
    year={1996},
    publisher={Elsevier}
}

@inproceedings{DBLP:conf/icalp/Phillips86,
    author    = {Iain Phillips},
    title     = {Refusal Testing},
    booktitle = {Automata, Languages and Programming, 13th
        International Colloquium,
        ICALP86, Rennes, France, July 15-19,
        1986, Proceedings},
    pages     = {304--313},
    year      = {1986},
    crossref  = {DBLP:conf/icalp/1986},
    url       =
    {http://dx.doi.org/10.1007/3-540-16761-7_80},
    doi       = {10.1007/3-540-16761-7_80},
    timestamp = {Sat, 19 Sep 2009 22:49:40
        +0200},
    biburl    =
    {http://dblp.uni-trier.de/rec/bib/conf/icalp/Phillips86},
    bibsource = {dblp computer science
        bibliography, http://dblp.org}
}

@article{Abramsky1987225,
    title = "Observation equivalence as a testing equivalence ",
    journal = "Theoretical Computer Science ",
    volume = "53",
    number = "2‚Äì3",
    pages = "225 - 241",
    year = "1987",
    note = "",
    issn = "0304-3975",
    doi = "http://dx.doi.org/10.1016/0304-3975(87)90065-X",
    url = "http://www.sciencedirect.com/science/article/pii/030439758790065X",
    author = "Samson Abramsky",
}

@article{Beohar2015,
    title = "Basic behavioral models for software product lines: Expressiveness and testing pre-orders ",
    journal = "Science of Computer Programming ",
    volume = "",
    number = "",
    pages = " - ",
    year = "2015",
    note = "",
    issn = "0167-6423",
    doi = "http://dx.doi.org/10.1016/j.scico.2015.06.005",
    url = "http://www.sciencedirect.com/science/article/pii/S0167642315001288",
    author = "Harsh Beohar and Mahsa Varshosaz and Mohammad Reza Mousavi",
}

@book{Jorgensen:1995:STC:526521,
    author = {Jorgensen, Paul C.},
    title = {Software Testing: A Craftsman's Approach},
    year = {1995},
    isbn = {084937345X},
    edition = {1st},
    publisher = {CRC Press, Inc.},
    address = {Boca Raton, FL, USA},
}

@book{Sommerville:1997:REG:549198,
    author = {Sommerville, Ian and Sawyer, Pete},
    title = {Requirements Engineering: A Good Practice Guide},
    year = {1997},
    isbn = {0471974447},
    edition = {1st},
    publisher = {John Wiley \& Sons, Inc.},
    address = {New York, NY, USA},
}

@article{Tai98atest,
    author = {Kuo-chung Tai and Yu Lei},
    title = {A test generation strategy for pairwise testing},
    journal = {IEEE Transactions on Software
        Engineering},
    year = {1998},
    volume = {28},
    pages = {2002}
}

@inproceedings{Ramachandran:2003:TSC:942796.943301,
    author = {Ramachandran, Muthu},
    title = {Testing Software Components Using Boundary Value
        Analysis},
    booktitle = {Proceedings of the 29th Conference on
        EUROMICRO},
    series = {EUROMICRO '03},
    year = {2003},
    isbn = {0-7695-1996-2},
    pages = {94--},
    url =
    {http://dl.acm.org/citation.cfm?id=942796.943301},
    acmid = {943301},
    publisher = {IEEE Computer Society},
    address = {Washington, DC, USA},
}

@incollection{Huang13,
    year={2013},
    isbn={978-3-642-41706-1},
    booktitle={Testing Software and Systems},
    volume={8254},
    series={Lecture Notes in Computer Science},
    editor={Yenig√ºn, H√ºsn√º and Yilmaz, Cemal and Ulrich, Andreas},
    doi={10.1007/978-3-642-41707-8_4},
    title={Exhaustive Model-Based Equivalence Class Testing},
    url={http://dx.doi.org/10.1007/978-3-642-41707-8_4},
    publisher={Springer Berlin Heidelberg},
    keywords={Model-based testing; Equivalence class partition testing; Kripke Structures; UML/SysML state machines},
    author={Huang, Wen-ling and Peleska, Jan},
    pages={49-64},
    language={English}
}

@inproceedings{Walkinshaw:2010:IFC:1928028.1928038,
    author = {Walkinshaw, Neil and Bogdanov, Kirill and Derrick,
        John and Paris, Javier},
    title = {Increasing Functional Coverage by Inductive
        Testing: A Case Study},
    booktitle = {Proceedings of the 22Nd IFIP WG 6.1
        International Conference on Testing Software and
            Systems},
    series = {ICTSS'10},
    year = {2010},
    isbn = {3-642-16572-9, 978-3-642-16572-6},
    location = {Natal, Brazil},
    pages = {126--141},
    numpages = {16},
    url =
    {http://dl.acm.org/citation.cfm?id=1928028.1928038},
    acmid = {1928038},
    publisher = {Springer-Verlag},
    address = {Berlin, Heidelberg},
}

@INPROCEEDINGS{Godefroid08automatedwhitebox,
    author = {Patrice Godefroid and Michael Y. Levin and
        David Molnar},
    title = {Automated whitebox fuzz testing},
    booktitle = {In NDSS},
    year = {2008}
}

@ARTICLE{5387827,
    author={Bird, D.L. and Munoz, C.U.},
    journal={IBM Systems Journal},
    title={Automatic generation of random self-checking test
        cases},
    year={1983},
    volume={22},
    number={3},
    pages={229-245},
    doi={10.1147/sj.223.0229},
    ISSN={0018-8670},
    month={},
}

@article{Walton:1995:STS:210453.210458,
    author = {Walton, Gwendolyn H. and Poore, J. H. and
        Trammell, Carmen J.},
    title = {Statistical Testing of Software Based on a Usage
        Model},
    journal = {Softw. Pract. Exper.},
    issue_date = {Jan. 1995},
    volume = {25},
    number = {1},
    month = jan,
    year = {1995},
    issn = {0038-0644},
    pages = {97--108},
    numpages = {12},
    url = {http://dx.doi.org/10.1002/spe.4380250106},
    doi = {10.1002/spe.4380250106},
    acmid = {210458},
    publisher = {John Wiley \& Sons, Inc.},
    address = {New York, NY, USA},
}

@ARTICLE{1702444,
    author={Hamlet, R.G.},
    journal={Software Engineering, IEEE Transactions on},
    title={Testing Programs with the Aid of a Compiler},
    year={1977},
    volume={SE-3},
    number={4},
    pages={279-290},
    doi={10.1109/TSE.1977.231145},
    ISSN={0098-5589},
    month={July},
}

@inproceedings{Duran:1981:RRT:800078.802530,
    author = {Duran, Joe W. and Ntafos, Simeon},
    title = {A Report on Random Testing},
    booktitle = {Proceedings of the 5th International
        Conference on Software Engineering},
    series = {ICSE '81},
    year = {1981},
    isbn = {0-89791-146-6},
    location = {San Diego, California, USA},
    pages = {179--183},
    numpages = {5},
    url =
    {http://dl.acm.org/citation.cfm?id=800078.802530},
    acmid = {802530},
    publisher = {IEEE Press},
    address = {Piscataway, NJ, USA},
}

@article{10.2307/2346830,
    ISSN = {00359254, 14679876},
    URL = {http://www.jstor.org/stable/2346830},
    author = {J. A. Hartigan, M. A. Wong},
    journal = {Journal of the Royal Statistical Society. Series C (Applied Statistics)},
    number = {1},
    pages = {100-108},
    publisher = {Wiley},
    title = {Algorithm AS 136: A K-Means Clustering Algorithm},
    volume = {28},
    year = {1979}
}

@ARTICLE{Alur94atheory,
    author = {Rajeev Alur and David L. Dill},
    title = {A Theory of Timed Automata},
    journal = {Theoretical Computer Science},
    year = {1994},
    volume = {126},
    pages = {183--235}
}

@incollection{ltsTretmans,
    author = {Tretmans, Jan},
    chapter = {Model Based Testing with Labelled Transition
        Systems},
    title = {Formal Methods and Testing},
    editor = {Hierons, Robert M. and Bowen, Jonathan P. and
        Harman, Mark},
    year = {2008},
    isbn = {3-540-78916-2, 978-3-540-78916-1},
    pages = {1--38},
    numpages = {38},
    url =
    {http://dl.acm.org/citation.cfm?id=1806209.1806210},
    acmid = {1806210},
    publisher = {Springer-Verlag},
    address = {Berlin, Heidelberg},
}

@article{Leucker2009293,
    title = "A brief account of runtime verification ",
    journal = "The Journal of Logic and Algebraic Programming ",
    volume = "78",
    number = "5",
    pages = "293 - 303",
    year = "2009",
    note = "The 1st Workshop on Formal Languages and Analysis of Contract-Oriented Software (FLACOS‚Äô07) ",
    issn = "1567-8326",
    doi = "http://dx.doi.org/10.1016/j.jlap.2008.08.004",
    url = "http://www.sciencedirect.com/science/article/pii/S1567832608000775",
    author = "Martin Leucker and Christian Schallhart",
    keywords = "Verification",
    keywords = "Testing",
    keywords = "Monitoring",
    keywords = "Assertion checking "
}

@inproceedings{CMdO09,
    author = {Cavalli, Ana and Maag, Stephane and de Oca, Edgardo Montes},
    title = {A Passive Conformance Testing Approach for a MANET Routing Protocol},
    booktitle = {Proceedings of the 2009 ACM Symposium on Applied Computing},
    series = {SAC '09},
    year = {2009},
    isbn = {978-1-60558-166-8},
    location = {Honolulu, Hawaii},
    pages = {207--211},
    numpages = {5},
    url = {http://doi.acm.org/10.1145/1529282.1529326},
    doi = {10.1145/1529282.1529326},
    acmid = {1529326},
    publisher = {ACM},
    address = {New York, NY, USA},
    keywords = {MANET, conformance testing, routing protocols},
}

@article{salva2011passive,
    title={Passive testing with proxy-testers},
    author={Salva, S{\'e}bastien and Aubiere, France},
    journal={International Journal of Software Engineering and Its Applications (IJSEIA). Science \& Engineering Research Support Society (SERSC)},
    volume={5},
    year={2011}
}

@INPROCEEDINGS{5552735,
    author={Morales, G. and Maag, S. and Cavalli, A. and Mallouli, W. and de Oca, E.M. and Wehbi, B.},
    booktitle={Web Services (ICWS), 2010 IEEE International Conference on},
    title={Timed Extended Invariants for the Passive Testing of
        Web Services},
    year={2010},
    pages={592-599},
    doi={10.1109/ICWS.2010.17},
    month={July},
}

@article{cavalli2009passive,
    title={A passive testing approach for security checking and
        its pratical usage for web services monitoring},
    author={Cavalli, A and Benameur, Azzedine and Mallouli,
        Wissam and Li, Keqin},
    journal={NOTERE 2009},
    year={2009}
}

@inproceedings{cuppens2005nomad,
    title={Nomad: A security model with non atomic actions and
        deadlines},
    author={Cuppens, Frederic and Cuppens-Boulahia, Nora and
        Sans, Thierry},
    booktitle={Computer Security Foundations, 2005. CSFW-18
        2005. 18th IEEE Workshop},
    pages={186--196},
    year={2005},
    organization={IEEE}
}

@article{andres2012formal,
    title={Formal passive testing of timed systems: theory and
        tools},
    author={Andr{\'e}s, C{\'e}sar and Merayo, Mercedes G and
        N{\'u}nez, Manuel},
    journal={Software Testing, Verification and
        Reliability},
    volume={22},
    number={6},
    pages={365--405},
    year={2012},
    publisher={Wiley Online Library}
}

@ARTICLE{1621118,
    author={Lee, D. and Dongluo Chen and Ruibing Hao and Miller,
        R.E. and Jianping Wu and Xia Yin},
    journal={Networking, IEEE/ACM Transactions on},
    title={Network protocol system monitoring-a formal approach
        with passive testing},
    year={2006},
    volume={14},
    number={2},
    pages={424-437},
    keywords={finite state machines;monitoring;telecommunication
        network reliability;transport
            protocols;OSPF;TCP;event-driven extended finite state
            machines;fault detection;network protocol system
            monitoring;passive testing;Automata;Computer
            science;Condition monitoring;Control system
            synthesis;Data engineering;Electronic mail;Fault
            detection;Life testing;Protocols;System
            testing;Event-driven extended finite state
            machine;formal method;network protocol;passive
            monitoring;testing},
    doi={10.1109/TNET.2006.872572},
    ISSN={1063-6692},
    month={April},
}

@incollection{alcalde2004network,
    title={Network protocol system passive testing for fault
        management: A backward checking approach},
    author={Alcalde, Baptiste and Cavalli, Ana and Chen,
        Dongluo and Khuu, Davy and Lee, David},
    booktitle={Formal Techniques for Networked and
        Distributed Systems--FORTE 2004},
    pages={150--166},
    year={2004},
    publisher={Springer}
}

@INPROCEEDINGS{965909,
    author={Miller, R.E. and Arisha, K.A.},
    booktitle={Global Telecommunications Conference, 2001.
        GLOBECOM '01. IEEE},
    title={Fault management using passive testing for mobile IPv6
        networks},
    year={2001},
    volume={3},
    pages={1923-1927 vol.3},
    keywords={fault location;finite state machines;mobile
        radio;protocols;telecommunication network
            management;4-node network;CFSM model;communicating
            finite state machine;fault coverage;fault
            detection;fault identification;fault location;fault
            management;mobile IPv6 networks;observer
            model;passive
            testing;protocol;simulation;Automata;Computer network
            management;Computer science;Educational
            institutions;Fault detection;Fault diagnosis;Fault
            location;Open systems;Protocols;Testing},
    doi={10.1109/GLOCOM.2001.965909},
    month={},
}

@inproceedings{Ural:2007:IAP:1270230.1270259,
    author = {Ural, Hasan and Xu, Zhi and Zhang, Fan},
    title = {An Improved Approach to Passive Testing of
        FSM-based Systems},
    booktitle = {Proceedings of the Second International
        Workshop on Automation of Software Test},
    series = {AST '07},
    year = {2007},
    isbn = {0-7695-2971-2},
    pages = {6--},
    url = {http://dx.doi.org/10.1109/AST.2007.1},
    doi = {10.1109/AST.2007.1},
    acmid = {1270259},
    publisher = {IEEE Computer Society},
    address = {Washington, DC, USA},
}

@INPROCEEDINGS{4698175,
    author={Mallouli, W. and Bessayah, F. and Cavalli, A. and Benameur, A.},
    booktitle={Global Telecommunications Conference, 2008. IEEE GLOBECOM 2008. IEEE},
    title={Security Rules Specification and Analysis Based on Passive Testing},
    year={2008},
    pages={1-6},
    keywords={formal languages;formal specification;program
        testing;security of data;systems analysis;temporal
            logic;'Nomad' formal language;deontic
            logics;network-based services;passive
            testing;security rules analysis;security rules
            specification;temporal logics;wireless
            networks;Automatic testing;Data security;Formal
            languages;Formal specifications;Information
            security;Logic testing;Monitoring;System
            testing;Telecommunications;Wireless networks},
    doi={10.1109/GLOCOM.2008.ECP.400},
    ISSN={1930-529X},
    month={Nov},
}

@INPROCEEDINGS{7340480,
    author={Durand, William and Salva, Sebastien},
    booktitle={Formal Methods and Models for Codesign (MEMOCODE),
        2015 ACM/IEEE International Conference on},
    title={Passive testing of production systems based on model
        inference},
    year={2015},
    pages={138-147},
    keywords={Context;Engines;Production
        systems;Sensors;Testing;Tires;Model
            inference;STS;conformance;machine learning;passive
            testing;production system},
    doi={10.1109/MEMCOD.2015.7340480},
    month={Sept},
}

@article{iso20059000,
    title={9000: 2005},
    author={Iso, EN},
    journal={Quality management systems-Fundamentals and
        vocabulary (ISO 9000: 2005)},
    year={2005}
}

@book{booch1991object,
    title={Object Oriented Design: With Applications},
    author={Booch, G.},
    isbn={9780805300918},
    lccn={90034884},
    series={The Benjamin/Cummings Series in Ada and Software Engineering},
    url={https://books.google.fr/books?id=w5VQAAAAMAAJ},
    year={1991},
    publisher={Benjamin/Cummings Pub.}
}

@INPROCEEDINGS{4221614,
    author={Bertolino, Antonia},
    booktitle={Future of Software Engineering, 2007. FOSE '07},
    title={Software Testing Research: Achievements, Challenges, Dreams},
    year={2007},
    pages={85-103},
    keywords={program testing;program verification;software
        engineering;software testing;widespread validation
            approach;Computer
            industry;Councils;Feedback;Laboratories;Quality
            assurance;Software engineering;Software
            quality;Software systems;Software testing;State
            estimation},
    doi={10.1109/FOSE.2007.25},
    month={May},
}

@incollection{moore56,
    author = {Moore, Edward F.},
    booktitle = {Automata Studies},
    citeulike-article-id = {1527182},
    keywords = {algorithms, automata},
    pages = {129--153},
    posted-at = {2007-08-01 13:05:18},
    priority = {2},
    publisher = {Princeton U.},
    title = {{Gedanken Experiments on Sequential Machines}},
    year = {1956}
}

@article{antimbt,
    title={Towards anti-model-based testing},
    author={Bertolino, Antonia and Polini, Andrea and
        Inverardi, Paola and Muccini, Henry},
    journal={Proc. DSN 2004 (Ext. abstract)},
    pages={124--125},
    year={2004}
}

@incollection{petrenko06,
    year={2006},
    isbn={978-3-540-34454-4},
    booktitle={Formal Approaches to Software Testing},
    volume={3997},
    series={Lecture Notes in Computer Science},
    editor={Grieskamp, Wolfgang and Weise, Carsten},
    doi={10.1007/11759744_9},
    title={Conformance Tests as Checking Experiments for Partial Nondeterministic FSM},
    url={http://dx.doi.org/10.1007/11759744_9},
    publisher={Springer Berlin Heidelberg},
    author={Petrenko, Alexandre and Yevtushenko, Nina},
    pages={118-133},
    language={English}
}
